@book{matroids,
  title={Oriented Matroids},
  author={Bj{\"o}rner, A.},
  isbn={9780521777506},
  lccn={00709563},
  series={EBSCO ebook academic collection},
  url={https://books.google.it/books?id=k2an6eBxn3kC},
  year={1999},
  publisher={Cambridge University Press}
}

@BOOK{QingLiu,
  title     = "Algebraic geometry and arithmetic curves",
  author    = "Liu, Qing",
  publisher = "Oxford University Press",
  series    = "Oxford Graduate Texts in Mathematics",
  month     =  jun,
  year      =  2006,
  address   = "London, England",
  language  = "en"
}
@Inbook{GortzAlgGeoISchemes,
author="G{\"o}rtz, Ulrich
and Wedhorn, Torsten",
title="Representable Functors",
bookTitle="Algebraic Geometry I: Schemes: With Examples and Exercises",
year="2020",
publisher="Springer Fachmedien Wiesbaden",
address="Wiesbaden",
pages="208--229",
abstract="ContentsRepresentable FunctorsThe example of the GrassmannianBrauer-Severi schemes",
isbn="978-3-658-30733-2",
doi="10.1007/978-3-658-30733-2_9",
url="https://doi.org/10.1007/978-3-658-30733-2_9"
}

@Inbook{Hartshorne,
author="Hartshorne, Robin",
title="Schemes",
bookTitle="Algebraic Geometry",
year="1977",
publisher="Springer New York",
address="New York, NY",
pages="60--200",
abstract="This chapter and the next form the technical heart of this book. In this chapter we develop the basic theory of schemes, following Grothendieck [EGA]. Sections 1 to 5 are fundamental. They contain a review of sheaf theory (necessary even to define a scheme), then the basic definitions of schemes, morphisms, and coherent sheaves. This is the language that we use for the rest of the book.",
isbn="978-1-4757-3849-0",
doi="10.1007/978-1-4757-3849-0_2",
url="https://doi.org/10.1007/978-1-4757-3849-0_2"
}


@misc{McKernan,
    author    = "James McKernan",
    title     = "Lecture 4",
    howpublished = "\url{https://math.mit.edu/~mckernan/Teaching/10-11/Spring/18.726/l_4.pdf}",
    year     = "2011"
}
@misc{Bejleri1,
    author    = "Dori Bejleri",
    title     = "Lecture 2: Moduli functors and Grassmannians",
    howpublished = "\url{https://people.math.harvard.edu/~bejleri/teaching/math259xfa19/math259x_lecture2.pdf}",
    year     = "2019"
}
@misc{Bejleri2,
    author    = "Dori Bejleri",
    title     = "Lecture 3: Grassmannians (cont.) and flat morphisms",
    howpublished = "\url{https://people.math.harvard.edu/~bejleri/teaching/math259xfa19/math259x_lecture3.pdf}",
    year     = "2019"
}
@misc{VakilClass26,
    author    = "Ravi Vakil",
    title     = "FOUNDATIONS OF ALGEBRAIC GEOMETRY CLASS 26",
    howpublished = "\url{https://math.stanford.edu/~vakil/0708-216/216class26.pdf}",
    year     = "2008"
}
@misc{Alper,
    author    = "Jarod Alper",
    title     = "Stacks and Moduli",
    howpublished = "\url{https://sites.math.washington.edu/~jarod/moduli.pdf}",
    year     = "2024"
}

@misc{stacks,
  author       = {The {Stacks project authors}},
  title        = {The Stacks project},
  howpublished = {\url{https://stacks.math.columbia.edu}},
  year         = {2024},
}

@article{riemann54theorie,
  title={Theorie der abelsehen Funktionen},
  author={RIEMANN, BERNHARD},
  journal={J. reine angew. Math},
  volume={54},
  pages={88--144},
  year={1857}
}

@article{teichmuller1939extremale,
  title={Extremale quasikonforme Abbildungen und quadratische Differentialen},
  author={Teichm{\"u}ller, Oswald},
  journal={Abh. Preuss. Akad. Wiss.},
  volume={22},
  pages={3--197},
  year={1939}
}

@book{GIT,
  title={Geometric Invariant Theory},
  author={Mumford, D. and Fogarty, J. and Kirwan, F.},
  isbn={9783540569633},
  lccn={93033772},
  series={Ergebnisse der Mathematik und Ihrer Grenzgebiete, 3 Folge/A Series of Modern Surveys in Mathematics Series},
  url={https://books.google.it/books?id=dFlv3zn_2-gC},
  year={1994},
  publisher={Springer Berlin Heidelberg}
}

@BOOK{FGAEXPLAINED,
  title     = "Fundamental algebraic geometry",
  author    = "Fantechi, Barbara and G{\"o}ttsche, Lothar and Illusie, Luc and Kleiman, Steven and Nitsure, Nitin and Vistoli, Angelo",
  abstract  = "Grothendieck topologies, fibered categories and descent theory:
  Introduction Preliminary notions Contravariant functors Fibered categories Stacks Construction of Hilbert and Quot schemes: 
  Construction of Hilbert and Quot schemes Local properties and Hilbert schemes of points: Introduction Elementary deformation theory Hilbert schemes of points Grothendieck's existence theorem in formal geometry with a letter of Jean-Pierre Serre:
  Grothendieck's existence theorem in formal geometry The Picard scheme: 
  The Picard scheme Bibliography Index.",
  publisher = "American Mathematical Society",
  series    = "Mathematical Surveys and Monographs",
  month     =  oct,
  year      =  2006,
  address   = "Providence, RI"
}

@incollection{FGAVI,
  author = {Grothendieck, Alexander},
  title = {Techniques de construction et th\'eor\`emes d'existence en g\'eom\'etrie alg\'ebrique {IV} : les sch\'emas de {Hilbert}},
  booktitle = {S\'eminaire Bourbaki : ann\'ees 1960/61, expos\'es 205-222},
  series = {S\'eminaire Bourbaki},
  note = {talk:221},
  pages = {249--276},
  publisher = {Soci\'et\'e math\'ematique de France},
  number = {6},
  year = {1961},
  mrnumber = {1611822},
  zbl = {0236.14003},
  language = {fr},
  url = {http://www.numdam.org/item/SB_1960-1961__6__249_0/}
}

@article{ALTMAN198050,
title = {Compactifying the Picard scheme},
journal = {Advances in Mathematics},
volume = {35},
number = {1},
pages = {50-112},
year = {1980},
issn = {0001-8708},
doi = {https://doi.org/10.1016/0001-8708(80)90043-2},
url = {https://www.sciencedirect.com/science/article/pii/0001870880900432},
author = {Allen B Altman and Steven L Kleiman}
}

@book{mumford1966lectures,
  title={Lectures on Curves on an Algebraic Surface},
  author={Mumford, D.},
  isbn={9780691079936},
  lccn={lc66017705},
  series={Annals of Mathematics Studies},
  url={https://books.google.it/books?id=LWCYDwAAQBAJ},
  year={1966},
  publisher={Princeton University Press}
}